@Article{Ockenden:2015:NEI,
  author =       "Will Ockenden",
  title =        "NSW election 2015: iVote flaw 'allowed vote to be
                 changed'; electoral commission fixes vulnerability",
  journal =      "ABC News",
  date =         "March 24, 2015",
  year =         "2015",
  month =        "3",
  note =         "avaliable online at
                 http://www.abc.net.au/news/2015-03-23/ivote-security-hack-allowed-change-of-vote-security-expert-says/6340168",
}

@Article{Brooks:2017:NCE,
  title =        "NSW council elections: Computer 'guesstimate' might
                 have ignored your vote",
  author =       "Lee Brooks and Andrew Griffits",
  journal =      "ABC News",
  date =         "September 14, 2017",
  year =         "2017",
  month =        "9",
  note =         "available online at
                 http://www.abc.net.au/news/2017-09-14/computer-algorithms-may-sway-local-council-elections/8944186",
}

@InProceedings{Moses:2017:NME,
  author =       "Lyria Bennett Moses and Rajeev Gor{\'{e}} and Ron Levy
                 and Dirk Pattinson and Mukesh Tiwari",
  title =        "No More Excuses: Automated Synthesis of Practical and
                 Verifiable Vote-Counting Programs for Complex Voting
                 Schemes",
  booktitle =    "Proc. E-Vote-ID 2017",
  pages =        "66--83",
  year =         "2017",
  editor =       "Robert Krimmer and Melanie Volkamer and Nadja Braun
                 Binder and Norbert Kersting and Olivier Pereira and
                 Carsten Sch{\"{u}}rmann",
  series =       "Lecture Notes in Computer Science",
  volume =       "10615",
  publisher =    "Springer",
}

@Misc{Moses:2016:SAS,
  author =       "Lyria Bennett Moses and Rajeev Gor{\'e} and Dirk
                 Pattinson",
  title =        "Submission to the ACT Select Committee On 2016 ACT
                 Election and Electoral Act",
  date =         "June 30, 2016",
  year =         "2016",
  note =         "Selected for hearing, avaliable via
                 https://www.parliament.act.gov.au/in-committees/select\_committees/2016-ACT-Election-and-Electoral-Act/inquiry-into-the-operation-of-the-2016-act-election-and-the-electoral-act",
}

@InProceedings{Ghale:2017:FVS,
  author =       "Milad K. Ghale and Rajeev Gor{\'{e}} and Dirk
                 Pattinson",
  title =        "A Formally Verified Single Transferable Voting Scheme
                 with Fractional Values",
  booktitle =    "Proc. E-Vote-ID 2017",
  pages =        "163--182",
  year =         "2017",
  editor =       "Robert Krimmer and Melanie Volkamer and Nadja Braun
                 Binder and Norbert Kersting and Olivier Pereira and
                 Carsten Sch{\"{u}}rmann",
  series =       "Lecture Notes in Computer Science",
  volume =       "10615",
  publisher =    "Springer",
}

@InProceedings{Verity:2017:FVI,
  author =       "Florrie Verity and Dirk Pattinson",
  title =        "Formally verified invariants of vote counting
                 schemes",
  booktitle =    "Proc. ACSW 2017",
  pages =        "31:1--31:10",
  year =         "2017",
  publisher =    "{ACM}",
}

@Article{Droop:1881:MER,
  author =       "H. R. Droop",
  journal =      "Journal of the Statistical Society of London",
  number =       "2",
  pages =        "141--202",
  publisher =    "[Royal Statistical Society, Wiley]",
  title =        "On Methods of Electing Representatives",
  volume =       "44",
  year =         "1881",
}
