@inproceedings{hol4,
  author    = {Konrad Slind and
               Michael Norrish},
  title     = {A Brief Overview of {HOL4}},
  booktitle = {Theorem Proving in Higher Order Logics ({TPHOLs})},
  year      = {2008},
  COMeditor    = {Otmane A\"{\i}t Mohamed and
               C{\'e}sar A. Mu{\~n}oz and
               Sofi{\`e}ne Tahar},
  publisher = {Springer},
  volume = {5170},
  series    = {LNCS}
}

@inproceedings{DBLP:conf/icfp/TanMKFON16,
  author    = {Yong Kiam Tan and
               Magnus O. Myreen and
               Ramana Kumar and
               Anthony C. J. Fox and
               Scott Owens and
               Michael Norrish},
  title     = {A new verified compiler backend for {CakeML}},
  booktitle = {Proceedings of the 21st {ACM} {SIGPLAN} International Conference on
               Functional Programming, {ICFP} 2016, Nara, Japan, September 18-22,
               2016},
  pages     = {60--73},
  year      = {2016},
  crossref  = {DBLP:conf/icfp/2016},
  url       = {http://doi.acm.org/10.1145/2951913.2951924},
  doi       = {10.1145/2951913.2951924},
  timestamp = {Tue, 30 Aug 2016 13:53:57 +0200},
  biburl    = {http://dblp.uni-trier.de/rec/bib/conf/icfp/TanMKFON16},
  bibsource = {dblp computer science bibliography, http://dblp.org}
}

@proceedings{DBLP:conf/icfp/2016,
  editor    = {Jacques Garrigue and
               Gabriele Keller and
               Eijiro Sumii},
  title     = {Proceedings of the 21st {ACM} {SIGPLAN} International Conference on
               Functional Programming, {ICFP} 2016, Nara, Japan, September 18-22,
               2016},
  publisher = {{ACM}},
  year      = {2016},
  url       = {http://doi.acm.org/10.1145/2951913},
  doi       = {10.1145/2951913},
  isbn      = {978-1-4503-4219-3},
  timestamp = {Tue, 30 Aug 2016 13:45:53 +0200},
  biburl    = {http://dblp.uni-trier.de/rec/bib/conf/icfp/2016},
  bibsource = {dblp computer science bibliography, http://dblp.org}
}

@inproceedings{POPL14,
  author = {Ramana Kumar and Magnus O. Myreen and Michael Norrish and Scott Owens},
  title = {{CakeML}: A Verified Implementation of {ML}},
  month = jan,
  year = 2014,
  publisher = {ACM},
  booktitle = {Principles of Programming Languages ({POPL})},
  doi = {10.1145/2535838.2535841}}

@article{JFP14,
  author = {Magnus O. Myreen and Scott Owens},
  title = {Proof-producing Translation of Higher-order logic into Pure and Stateful {ML}},
  journal = {Journal of Functional Programming},
  volume = 24,
  number = {2-3},
  pages = {284--315},
  month = may,
  year = 2014,
  doi = {10.1017/S0956796813000282}}

@inproceedings{DBLP:conf/ausai/PattinsonS15,
  author    = {Dirk Pattinson and
               Carsten Sch{\"{u}}rmann},
  title     = {Vote Counting as Mathematical Proof},
  booktitle = {{AI} 2015: Advances in Artificial Intelligence - 28th Australasian
               Joint Conference},
  pages     = {464--475},
  year      = {2015}
}

@inproceedings{DBLP:conf/acsw/VerityP17,
  author    = {Florrie Verity and
               Dirk Pattinson},
  title     = {Formally verified invariants of vote counting schemes},
  booktitle = {Proceedings of the Australasian Computer Science Week Multiconference,
               {ACSW} 2017, Geelong, Australia, January 31 - February 3, 2017},
  pages     = {31:1--31:10},
  year      = {2017},
  url       = {http://doi.acm.org/10.1145/3014812.3014845},
  doi       = {10.1145/3014812.3014845},
  timestamp = {Fri, 06 Jan 2017 12:55:46 +0100},
  biburl    = {http://dblp.org/rec/bib/conf/acsw/VerityP17},
  bibsource = {dblp computer science bibliography, http://dblp.org}
}


@inproceedings{DBLP:conf/itp/PattinsonT17,
  author    = {Dirk Pattinson and
               Mukesh Tiwari},
  title     = {Schulze Voting as Evidence Carrying Computation},
  booktitle = {Interactive Theorem Proving - 8th International Conference, {ITP}
               2017, Bras{\'{\i}}lia, Brazil},
  pages     = {410--426},
  year      = {2017}
}

@inproceedings{DBLP:conf/voteid/GhaleGP17,
  author    = {Milad K. Ghale and
               Rajeev Gor{\'{e}} and
               Dirk Pattinson},
  title     = {A Formally Verified Single Transferable Voting Scheme with Fractional
               Values},
  booktitle = {Electronic Voting - Second International Joint Conference, E-Vote-ID
               2017, Bregenz, Austria},
  pages     = {163--182},
  year      = {2017}
}

@inproceedings{DBLP:conf/nfm/NoschinskiRM14,
  author    = {Lars Noschinski and
               Christine Rizkallah and
               Kurt Mehlhorn},
  title     = {Verification of Certifying Computations through AutoCorres and Simpl},
  booktitle = {{NASA} Formal Methods - 6th International Symposium, {NFM} 2014, Houston,
               TX, USA},
  pages     = {46--61},
  year      = {2014}
}

@article{DBLP:journals/jar/AlkassarBMR14,
  author    = {Eyad Alkassar and
               Sascha B{\"{o}}hme and
               Kurt Mehlhorn and
               Christine Rizkallah},
  title     = {A Framework for the Verification of Certifying Computations},
  journal   = {J. Autom. Reasoning},
  volume    = {52},
  number    = {3},
  pages     = {241--273},
  year      = {2014}
}

@inproceedings{DBLP:conf/itp/GreenawayAK12,
  author    = {David Greenaway and
               June Andronick and
               Gerwin Klein},
  title     = {Bridging the Gap: Automatic Verified Abstraction of {C}},
  booktitle = {Interactive Theorem Proving - Third International Conference, {ITP}
               2012, Princeton, NJ, USA},
  pages     = {99--115},
  year      = {2012}
}

@article{DBLP:journals/entcs/ArkoudasR05,
  author    = {Konstantine Arkoudas and
               Martin C. Rinard},
  title     = {Deductive Runtime Certification},
  journal   = {Electr. Notes Theor. Comput. Sci.},
  volume    = {113},
  pages     = {45--63},
  year      = {2005}
}

@article{DBLP:journals/csr/McConnellMNS11,
  author    = {Ross M. McConnell and
               Kurt Mehlhorn and
               Stefan N{\"{a}}her and
               Pascal Schweitzer},
  title     = {Certifying algorithms},
  journal   = {Computer Science Review},
  volume    = {5},
  number    = {2},
  pages     = {119--161},
  year      = {2011}
}

@inproceedings{DBLP:conf/icse/DahlweidMSTS09,
  author    = {Markus Dahlweid and
               Michal Moskal and
               Thomas Santen and
               Stephan Tobies and
               Wolfram Schulte},
  title     = {{VCC:} Contract-based modular verification of concurrent {C}},
  booktitle = {31st International Conference on Software Engineering, {ICSE} 2009,
               May 16-24, 2009, Vancouver, Canada, Companion Volume},
  pages     = {429--430},
  year      = {2009}
}


@inproceedings{DBLP:conf/stoc/BlumK89,
  author    = {Manuel Blum and
               Sampath Kannan},
  title     = {Designing Programs That Check Their Work},
  booktitle = {Proceedings of the 21st Annual {ACM} Symposium on Theory of Computing,
               May 14-17, 1989, Seattle, Washigton, {USA}},
  pages     = {86--97},
  year      = {1989}
}
@inproceedings{DBLP:conf/esop/GueneauMKN17,
  author    = {Arma{\"{e}}l Gu{\'{e}}neau and
               Magnus O. Myreen and
               Ramana Kumar and
               Michael Norrish},
  title     = {Verified Characteristic Formulae for CakeML},
  booktitle = {Programming Languages and Systems - 26th European Symposium on Programming,
               {ESOP} 2017, Held as Part of the European Joint Conferences on Theory
               and Practice of Software, {ETAPS} 2017, Uppsala, Sweden},
  pages     = {584--610},
  year      = {2017}
}
@proceedings{DBLP:conf/esop/2017,
  editor    = {Hongseok Yang},
  title     = {Programming Languages and Systems - 26th European Symposium on Programming,
               {ESOP} 2017, Held as Part of the European Joint Conferences on Theory
               and Practice of Software, {ETAPS} 2017, Uppsala, Sweden},
  series    = {Lecture Notes in Computer Science},
  volume    = {10201},
  publisher = {Springer},
  year      = {2017}
}
@inproceedings{DBLP:conf/csfw/KustersMST16,
  author    = {Ralf K{\"{u}}sters and
               Johannes M{\"{u}}ller and
               Enrico Scapin and
               Tomasz Truderung},
  title     = {sElect: {A} Lightweight Verifiable Remote Voting System},
  booktitle = {{IEEE} 29th Computer Security Foundations Symposium, {CSF} 2016, Lisbon,
               Portugal, June 27 - July 1, 2016},
  pages     = {341--354},
  year      = {2016}
}
@article{DBLP:journals/iacr/CortierGKMT16,
  author    = {V{\'{e}}ronique Cortier and
               David Galindo and
               Ralf K{\"{u}}sters and
               Johannes M{\"{u}}ller and
               Tomasz Truderung},
  title     = {Verifiability Notions for E-Voting Protocols},
  journal   = {{IACR} Cryptology ePrint Archive},
  volume    = {2016},
  pages     = {287},
  year      = {2016}
}
@inproceedings{DBLP:conf/esorics/CortierGGI14,
  author    = {V{\'{e}}ronique Cortier and
               David Galindo and
               St{\'{e}}phane Glondu and
               Malika Izabach{\`{e}}ne},
  title     = {Election Verifiability for Helios under Weaker Trust Assumptions},
  booktitle = {Computer Security - {ESORICS} 2014 - 19th European Symposium on Research
               in Computer Security, Wroclaw, Poland, September 7-11, 2014. Proceedings,
               Part {II}},
  pages     = {327--344},
  year      = {2014}
}
@inproceedings{DBLP:conf/post/CortierEKMW15,
  author    = {V{\'{e}}ronique Cortier and
               Fabienne Eigner and
               Steve Kremer and
               Matteo Maffei and
               Cyrille Wiedling},
  title     = {Type-Based Verification of Electronic Voting Protocols},
  booktitle = {Principles of Security and Trust - 4th International Conference, {POST}
               2015, Held as Part of the European Joint Conferences on Theory and
               Practice of Software, {ETAPS} 2015, London, UK, April 11-18, 2015,
               Proceedings},
  pages     = {303--323},
  year      = {2015}
}
@inproceedings{DBLP:conf/ccs/KustersTV10,
  author    = {Ralf K{\"{u}}sters and
               Tomasz Truderung and
               Andreas Vogt},
  title     = {Accountability: definition and relationship to verifiability},
  booktitle = {Proceedings of the 17th {ACM} Conference on Computer and Communications
               Security, {CCS} 2010, Chicago, Illinois, USA, October 4-8, 2010},
  pages     = {526--535},
  year      = {2010},
}
@inproceedings{DBLP:conf/uss/Adida08,
  author    = {Ben Adida},
  title     = {Helios: Web-based Open-Audit Voting},
  booktitle = {Proceedings of the 17th {USENIX} Security Symposium, July 28-August
               1, 2008, San Jose, CA, {USA}},
  pages     = {335--348},
  year      = {2008},
}
@inproceedings{DBLP:conf/wote/JuelsCJ10,
  author    = {Ari Juels and
               Dario Catalano and
               Markus Jakobsson},
  title     = {Coercion-Resistant Electronic Elections},
  booktitle = {Towards Trustworthy Elections, New Directions in Electronic Voting},
  pages     = {37--63},
  year      = {2010}
}

@inproceedings{DBLP:conf/esorics/KremerRS10,
  author    = {Steve Kremer and
               Mark Ryan and
               Ben Smyth},
  title     = {Election Verifiability in Electronic Voting Protocols},
  booktitle = {Computer Security - {ESORICS} 2010, 15th European Symposium on Research
               in Computer Security, Athens, Greece},
  pages     = {389--404},
  year      = {2010}
}

@inproceedings{DBLP:conf/voteid/DawsonGM15,
  author    = {Jeremy E. Dawson and
               Rajeev Gor{\'{e}} and
               Thomas Meumann},
  title     = {Machine-Checked Reasoning About Complex Voting Schemes Using Higher-Order
               Logic},
  booktitle = {E-Voting and Identity - 5th International Conference, VoteID 2015,
               Bern, Switzerland, September 2-4, 2015, Proceedings},
  pages     = {142--158},
  year      = {2015}
}

@proceedings{DBLP:conf/voteid/2011,
  editor    = {Aggelos Kiayias and
               Helger Lipmaa},
  title     = {E-Voting and Identity - Third International Conference, VoteID 2011,
               Tallinn, Estonia, September 28-30, 2011, Revised Selected Papers},
  series    = {Lecture Notes in Computer Science},
  volume    = {7187},
  publisher = {Springer},
  year      = {2012}
}



@article{DBLP:journals/apal/Girard93,
  author    = {Jean{-}Yves Girard},
  title     = {On the Unity of Logic},
  journal   = {Ann. Pure Appl. Logic},
  volume    = {59},
  number    = {3},
  pages     = {201--217},
  year      = {1993}  
}

@inproceedings{DBLP:conf/cade/Schack-NielsenS08,
  author    = {Anders Schack{-}Nielsen and
               Carsten Sch{\"{u}}rmann},
  title     = {Celf - {A} Logical Framework for Deductive and Concurrent Systems
               (System Description)},
  booktitle = {Automated Reasoning, 4th International Joint Conference, {IJCAR} 2008,
               Sydney, Australia, August 12-15, 2008, Proceedings},
  pages     = {320--326},
  year      = {2008}
}

@inproceedings{DBLP:conf/voteid/GoreL16,
  author    = {Rajeev Gor{\'{e}} and
               Ekaterina Lebedeva},
  title     = {Simulating {STV} Hand-Counting by Computers Considered Harmful: {A.C.T}},
  booktitle = {Electronic Voting - First International Joint Conference, E-Vote-ID
               2016, Bregenz, Austria, October 18-21, 2016, Proceedings},
  pages     = {144--163},
  year      = {2016}
}

